<record xmlns="http://www.loc.gov/MARC21/slim" xmlns:xsi="http://www.w3.org/2001/XMLSchema-instance" xsi:schemaLocation="http://www.loc.gov/MARC21/slim http://www.loc.gov/standards/marcxml/schema/MARC21slim.xsd"><leader>00433cz   2200157n  4500</leader><controlfield tag="001">oca00036610 </controlfield><controlfield tag="005">20021112110217.0</controlfield><controlfield tag="008">800208n| acannaabn          |a aaa      </controlfield><datafield ind1=" " ind2=" " tag="010"><subfield code="a">n  50000909 </subfield></datafield><datafield ind1=" " ind2=" " tag="040"><subfield code="a">DLC</subfield><subfield code="b">eng</subfield><subfield code="c">DLC</subfield><subfield code="d">INS-SF</subfield><subfield code="d">OCoLC</subfield></datafield><datafield ind1=" " ind2="0" tag="053"><subfield code="a">PA4241</subfield><subfield code="b">PA4243</subfield></datafield><datafield ind1="0" ind2=" " tag="100"><subfield code="a">Lysias</subfield></datafield><datafield ind1="0" ind2=" " tag="400"><subfield code="a">Lusias</subfield></datafield><datafield ind1="0" ind2=" " tag="400"><subfield code="a">Lisia</subfield></datafield><datafield ind1="0" ind2=" " tag="400"><subfield code="a">Lisias</subfield></datafield><datafield ind1=" " ind2=" " tag="670"><subfield code="a">His Der Rächer seiner Ehre, 1983:</subfield><subfield code="b">t.p. (Lysias) p. 4 of cover (ca. 445-ca. 380 B.C.)</subfield></datafield></record>